1894 3153
271 134 330 190 de
350 135 518 191 Ranis
536 145 615 192 (9⁸
639 135 891 194 Lacertis
909 129 1312 208 obfirvationes.
1445 149 1469 190 1
1486 149 1551 210 35

30 216 502 234 *ῥα-ῃ
513 224 648 235 ———-

30 256 288 328 mortis
313 253 397 329 fit
418 278 746 358 ereptus,
870 252 1082 331 Plura
1115 257 1388 328 omitto
1428 253 1559 330 hu·

31 389 255 442 mano
299 370 559 472 generi
608 363 938 445 salutaria
975 419 996 452 ‚
1051 393 1215 473 quae
1258 390 1443 442 ranae
1476 395 1560 443 ac

31 473 352 558 bufones
421 485 494 556 in
571 479 742 557 foro
803 480 1122 558 Medico
1158 504 1561 556 coaxantes

32 615 424 697 promunt.
497 596 616 673 Sic
637 615 894 672 natura
918 623 1005 673 ex
1029 590 1565 699 bestioli3,quae

30 702 250 784 nobis
272 706 514 786 invisae
536 705 1567 815 pedibusq3conculcatae,pa-

35 845 149 897 rat
185 822 551 920 remedia,
575 850 740 933 quae
768 819 861 899 ab
896 823 1167 903 ultimo
1211 820 1569 901 Indorum

0 956 5 1036 f
36 931 194 1012 sinu
214 933 453 1015 allatis
484 936 806 1042 palmam
842 937 1223 1016 interdum
1246 939 1568 1045 ptaeripiz

0 1066 3 1128 ε
39 1072 203 1139 unt,
256 1078 350 1125 ne
386 1047 669 1131 sanitati
703 1047 1099 1157 profutura
1134 1049 1317 1133 foris
1350 1079 1574 1163 coga-

0 1177 1 1210 ³
37 1189 207 1244 mur
224 1165 705 1245 emendicare.

159 1360 258 1436 Et
277 1352 929 1474 quemadmodum
946 1357 1266 1441 officinis
1285 1380 1434 1442 tam
1456 1389 1577 1440 ους

45 1467 313 1552 linariis
378 1473 601 1580 quim]
678 1475 1296 1589 pharmaceuticis
1365 1498 1583 1555 notas

46 1584 190 1665 efle
221 1585 566 1668 bestiolas
587 1614 1034 1672 memoratas
1054 1647 1074 1683 ,
1104 1617 1308 1673 ranas
1337 1591 1413 1668 &
1443 1587 1582 1669 bru

47 1697 264 1781 sones
282 1701 553 1814 liquet,
590 1709 689 1784 ita
708 1708 783 1786 &
806 1704 1047 1788 usibus
1064 1703 1324 1785 iisdem
1347 1705 1581 1787 varias

47 1811 497 1896 lacertorum
577 1816 851 1928 species
914 1817 1266 1904 destinari
1325 1817 1583 1925 paffim

49 1930 242 2009 estin
262 1927 622 2024 confeffo‚
645 1931 1170 2046 Troglodytas
1191 1933 1587 2046 AEthiopes

53 2044 517 2150 serpentibus
562 2075 647 2125 ac
685 2046 975 2130 lacertis
1011 2047 1201 2129 olim
1261 2054 1335 2130 in
1375 2075 1585 2127 com-

54 2158 611 2241 meffationibus
660 2163 823 2243 usos
895 2165 1256 2249 Herodotus
1325 2159 1580 2242 refert.

56 2278 142 2351 ln
166 2274 500 2383 partibus
519 2276 783 2359 Indicis
805 2280 1006 2361 affari
1025 2275 1452 2359 crocodilos
1475 2277 1589 2357 vi·

57 2387 166 2468 dit
197 2393 602 2471 ferdinandus
628 2394 907 2499 Lopetz,
930 2422 1347 2502 eorumque
1366 2396 1435 2471 in
1458 2391 1586 2468 AE·

61 2529 306 2614 gypto
354 2505 648 2586 comedi
683 2538 829 2592 ova
863 2515 997 2589 Leo
1019 2503 1353 2617 Africanus
1376 2502 1591 2585 testa-

63 2641 211 2709 tur,
328 2628 664 2705 Carnem
709 2628 1001 2740 Igvanae
1062 2623 1350 2707 cofiam
1380 2617 1595 2811 sboni

1411 2759 1598 2840 apo·
